@article{bib:int8_white_paper,
  author    = {Andres Rodriguez and Haihao Shen and et al.},
  title     = {Lower Numerical Precision Deep Learning Inference and Training},
  journal   = {Intel AI Academy}, 
  year      = {2018},
}

% Ristretto
@article{DBLP:journals/corr/Gysel16,
  author    = {Philipp Gysel},
  title     = {Ristretto: Hardware-Oriented Approximation of Convolutional Neural
               Networks},
  journal   = {CoRR},
  volume    = {abs/1605.06402},
  year      = {2016},
  url       = {http://arxiv.org/abs/1605.06402},
  archivePrefix = {arXiv},
  eprint    = {1605.06402},
  timestamp = {Wed, 07 Jun 2017 14:43:03 +0200},
  biburl    = {http://dblp.org/rec/bib/journals/corr/Gysel16},
  bibsource = {dblp computer science bibliography, http://dblp.org}
}

@article{DBLP:journals/corr/IoffeS15,
  author    = {Sergey Ioffe and
               Christian Szegedy},
  title     = {Batch Normalization: Accelerating Deep Network Training by Reducing
               Internal Covariate Shift},
  journal   = {CoRR},
  volume    = {abs/1502.03167},
  year      = {2015},
  url       = {http://arxiv.org/abs/1502.03167},
  archivePrefix = {arXiv},
  eprint    = {1502.03167},
  timestamp = {Wed, 07 Jun 2017 14:40:49 +0200},
  biburl    = {http://dblp.org/rec/bib/journals/corr/IoffeS15},
  bibsource = {dblp computer science bibliography, http://dblp.org}
}

@article{DBLP:journals/corr/HeZRS15,
  author    = {Kaiming He and et al.},
  title     = {Deep Residual Learning for Image Recognition},
  journal   = {CoRR},
  volume    = {abs/1512.03385},
  year      = {2015},
  url       = {http://arxiv.org/abs/1512.03385},
  archivePrefix = {arXiv},
  eprint    = {1512.03385},
  timestamp = {Wed, 07 Jun 2017 14:41:17 +0200},
  biburl    = {http://dblp.org/rec/bib/journals/corr/HeZRS15},
  bibsource = {dblp computer science bibliography, http://dblp.org}
}

@article{DBLP:journals/corr/SzegedyVISW15,
  author    = {Christian Szegedy and et al.},
  title     = {Rethinking the Inception Architecture for Computer Vision},
  journal   = {CoRR},
  volume    = {abs/1512.00567},
  year      = {2015},
  url       = {http://arxiv.org/abs/1512.00567},
  archivePrefix = {arXiv},
  eprint    = {1512.00567},
  timestamp = {Wed, 07 Jun 2017 14:40:22 +0200},
  biburl    = {http://dblp.org/rec/bib/journals/corr/SzegedyVISW15},
  bibsource = {dblp computer science bibliography, http://dblp.org}
}

@article{DBLP:journals/corr/LiuAESR15,
  author    = {Wei Liu and et al.},
  title     = {{SSD:} Single Shot MultiBox Detector},
  journal   = {CoRR},
  volume    = {abs/1512.02325},
  year      = {2015},
  url       = {http://arxiv.org/abs/1512.02325},
  archivePrefix = {arXiv},
  eprint    = {1512.02325},
  timestamp = {Wed, 07 Jun 2017 14:42:54 +0200},
  biburl    = {http://dblp.org/rec/bib/journals/corr/LiuAESR15},
  bibsource = {dblp computer science bibliography, http://dblp.org}
}

@article{ILSVRC15,
Author = {Olga Russakovsky and et al.},
Title = {{ImageNet Large Scale Visual Recognition Challenge}},
Year = {2015},
journal   = {International Journal of Computer Vision (IJCV)},
doi = {10.1007/s11263-015-0816-y},
volume={115},
number={3},
pages={211-252}
}

@Article{Everingham15,
   author = "Everingham, M. and et al.",
   title = "The Pascal Visual Object Classes Challenge: A Retrospective",
   journal = "International Journal of Computer Vision",
   volume = "111",
   year = "2015",
   number = "1",
   month = jan,
   pages = "98--136",
} 

@article{DBLP:journals/corr/XuWCL15,
  author    = {Bing Xu and et al.},
  title     = {Empirical Evaluation of Rectified Activations in Convolutional Network},
  journal   = {CoRR},
  volume    = {abs/1505.00853},
  year      = {2015},
  url       = {http://arxiv.org/abs/1505.00853},
  archivePrefix = {arXiv},
  eprint    = {1505.00853},
  timestamp = {Wed, 07 Jun 2017 14:41:27 +0200},
  biburl    = {http://dblp.org/rec/bib/journals/corr/XuWCL15},
  bibsource = {dblp computer science bibliography, http://dblp.org}
}

@misc{request-asplos18,
    title={{ReQuEST at ASPLOS'18:} 1st Reproducible Tournament on Pareto-efficient Image Classification},
    howpublished="\url{http://cknowledge.org/request-cfp-asplos2018.html}",
    year="2018"
}

@inproceedings{cm:29db2248aba45e59:0c7348dfbadd5b95,

   author = {{Moreau}, Thierry and {Lokhmotov}, Anton and {Fursin}, Grigori},
    title = "{Introducing ReQuEST: an Open Platform for Reproducible and Quality-Efficient Systems-ML Tournaments}",
  journal = {ArXiv e-prints},
archivePrefix = "arXiv",
   eprint = {1801.06378},
 primaryClass = "stat.ML",
 keywords = {Statistics - Machine Learning, Computer Science - Learning, Computer Science - Software Engineering},
     year = 2018,
    month = jan,
   adsurl = {http://adsabs.harvard.edu/abs/2018arXiv180106378M},
  adsnote = {Provided by the SAO/NASA Astrophysics Data System}
}
